@online{latex1995,
    author = {Frank Mittelbach},
    organization = {LaTeX project team},
    title = {Introduction to LaTeX},
    url = {https://www.latex-project.org/about/},
    urlaccessdate = {\today},
    year = {1985}
}

