@online{latex1995,
    author = {Frank Mittelbach},
    organization = {LaTeX project team},
    title = {Introduction to LaTeX},
    url = {https://www.latex-project.org/about/},
    urlaccessdate = {\today},
    year = {1985}
}
@article{artigo_periodico,
    author = {Autor Sobrenome, Nome},
    title = {Título do Artigo},
    journal = {Nome do Periódico},
    year = {2023},
    volume = {X},
    number = {Y},
    pages = {XX-YY},
    doi = {DOI}
}

@book{livro,
    author = {Autor Sobrenome, Nome},
    title = {Título do Livro},
    edition = {Edição},
    publisher = {Editora},
    address = {Local de Publicação},
    year = {2023},
    isbn = {ISBN}
}

@incollection{capitulo_livro,
    author = {Autor Sobrenome, Nome},
    title = {Título do Capítulo},
    booktitle = {Título do Livro},
    editor = {Editor do Livro},
    publisher = {Editora},
    address = {Local de Publicação},
    year = {2023},
    pages = {XX-YY},
    isbn = {ISBN}
}


@inproceedings{trabalho_conferencia,
    author = {Autor Sobrenome, Nome},
    title = {Título do Trabalho},
    booktitle = {Nome da Conferência},
    year = {2023},
    pages = {XX-YY},
    doi = {DOI}
}

@thesis{tese,
    author = {Autor Sobrenome, Nome},
    title = {Título da Tese/Dissertação},
    type = {Tese ou Dissertação},
    institution = {Instituição},
    address = {Local},
    year = {2023}
}

@misc{algoritmo,
  author = {Autor(es) do Algoritmo},
  title = {Título do Algoritmo},
  year = {Ano de Criação},
  howpublished = {Descrição do local de publicação, como um site, livro, etc.},
}

@movie{filme,
  title = {Titulo do Filme},
  director = {Diretor do Filme},
  year = {Ano de Lançamento},
  publisher = {Estúdio de Produção},
  address = {Cidade onde foi produzido},
}

@online{video,
  author = {Autor(es) do Vídeo, se disponível},
  title = {Título do Vídeo},
  year = {Ano de Publicação},
  url = {URL do Video},
  urldate = {Data de Acesso ao Vídeo},
}
